% Encoding: windows-1252

@article{AbuSalem:2019,
   author = {Fatima Abu Salem and Roaa Al Feel and Shady Elbassuoni and Mohamad Jaber and May Farah},
   doi = {10.5281/ZENODO.2532642},
   month = {1},
   title = {Dataset for fake news and articles detection},
   url = {https://zenodo.org/record/2532642},
   year = {2019},
}

@webpage{ADS:2006,
   author = {{American Dialect Society}},
   journal = {American Dialect Society},
   month = {1},
   title = {Truthiness Voted 2005 Word of the Year},
   url = {https://www.americandialect.org/truthiness_voted_2005_word_of_the_year},
   year = {2006},
}

@webpage{ADS:2018,
   author = {{American Dialect Society}},
   journal = {American Dialect Society},
   month = {1},
   title = {“Fake news” is 2017 American Dialect Society word of the year},
   url = {https://www.americandialect.org/fake-news-is-2017-american-dialect-society-word-of-the-year},
   year = {2018},
}

@inproceedings{Ahmed:2017,
   author = {Hadeer Ahmed and Issa Traore and Sherif Saad},
   doi = {10.1007/978-3-319-69155-8_9},
   journal = {Lecture Notes in Computer Science (including subseries Lecture Notes in Artificial Intelligence and Lecture Notes in Bioinformatics)},
   title = {Detection of Online Fake News Using N-Gram Analysis and Machine Learning Techniques},
   year = {2017},
}

@inproceedings{Ajao:2018,
  author = {Oluwaseun Ajao and Deepayan Bhowmik and Shahrzad Zargari},
  title = {Fake News Identification on Twitter with Hybrid CNN and RNN Models},
  year = {2018},
  isbn = {9781450363341},
  publisher = {Association for Computing Machinery},
  address = {New York, NY, USA},
  url = {https://doi.org/10.1145/3217804.3217917},
  doi = {10.1145/3217804.3217917},
  booktitle = {Proceedings of the 9th International Conference on Social Media and Society},
  pages = {226–230},
  numpages = {5},
  location = {Copenhagen, Denmark},
  series = {SMSociety '18}
}

@inproceedings{Ajao:2019,
    author={Oluwaseun Ajao and Deepayan Bhowmik and Shahrzad Zargari},
    booktitle={ICASSP 2019 - 2019 IEEE International Conference on Acoustics, Speech and Signal Processing (ICASSP)},
    title={Sentiment Aware Fake News Detection on Online Social Networks},
    year={2019},
    pages={2507-2511},
    doi={10.1109/ICASSP.2019.8683170}
}

@inproceedings{Alam:2022,
    title = "A Survey on Multimodal Disinformation Detection",
    author = "Firoj Alam and
      Stefano Cresci and
      Tanmoy Chakraborty and
      Fabrizio Silvestri and
      Dimiter Dimitrov and
      Giovanni Da San Martino and
      Shaden Shaar and
      Hamed Firooz and
      Preslav Nakov",
    booktitle = "Proceedings of the 29th International Conference on Computational Linguistics",
    month = {10},
    year = "2022",
    address = "Gyeongju, Republic of Korea",
    publisher = "International Committee on Computational Linguistics",
    url = "https://aclanthology.org/2022.coling-1.576",
    pages = "6625-6643",
}

@article{Allcott:2017,
   author = {Hunt Allcott and Matthew Gentzkow},
   doi = {10.1257/jep.31.2.211},
   issue = {2},
   journal = {Journal of Economic Perspectives},
   month = {5},
   pages = {211-236},
   title = {Social media and fake news in the 2016 election},
   volume = {31},
   url = {http://pubs.aeaweb.org/doi/10.1257/jep.31.2.211},
   year = {2017},
}

@article{Angelov:2020,
   author = {Dimo Angelov},
   doi = {10.48550/arxiv.2008.09470},
   month = {8},
   title = {Top2Vec: Distributed Representations of Topics},
   url = {https://arxiv.org/abs/2008.09470v1},
   year = {2020},
}

@article{Anspach:2019,
   author = {Nicolas M. Anspach and Jay T. Jennings and Kevin Arceneaux},
   doi = {10.1177/2053168018816189},
   issue = {1},
   journal = {Research and Politics},
   title = {A little bit of knowledge: Facebook’s News Feed and self-perceptions of knowledge},
   volume = {6},
   year = {2019},
}

@article{Araujo:2006,
   author = {Ana Christina Araújo},
   issue = {1},
   journal = {European Journal of Portuguese History},
   pages = {1-25},
   title = {The Lisbon Earthquake of 1755 – Public Distress and Political Propaganda},
   volume = {4},
   year = {2006},
}

@webpage{Agrawal:2019,
   author = {Parag Agrawal},
   journal = {Twitter Blog},
   month = {6},
   title = {Twitter acquires Fabula AI to strengthen its machine learning expertise},
   url = {https://blog.twitter.com/en_us/topics/company/2019/Twitter-acquires-Fabula-AI},
   year = {2019},
}

@article{Arslan:2020,
   author = {Fatma Arslan and Naeemul Hassan and Chengkai Li and Mark Tremayne},
   doi = {10.5281/ZENODO.3836810},
   month = {1},
   title = {ClaimBuster: A Benchmark Dataset of Check-worthy Factual Claims},
   url = {https://zenodo.org/record/3836810},
   year = {2020},
}

@report{Barrett:2021,
   author = {Paul M. Barrett and Justin Hendrix and J. Grant Sims},
   city = {New York City},
   institution = {NYU Stern Center for Business and Human Rights},
   month = {9},
   title = {Fueling the Fire:  How Social Media Intensifies U.S. Political Polarization  — And What Can Be Done About It},
   url = {https://bhr.stern.nyu.edu/polarization-report-page},
   year = {2021},
}

@article{Benamira:2019,
   author = {Adrien Benamira and Benjamin Devillers and Etienne Lesot and Ayush K Ray and Manal Saadi and Fragkiskos D Malliaros},
   month = {8},
   pages = {568-569},
   title = {Semi-Supervised Learning and Graph Neural Networks for Fake News Detection},
   url = {https://hal.archives-ouvertes.fr/hal-02334445},
   year = {2019},
}

@article{Bengio:2003,
   author = {Yoshua Bengio and Réjean Ducharme and Pascal Vincent and Christian Jauvin},
   issue = {Feb},
   journal = {Journal of Machine Learning Research},
   pages = {1137-1155},
   title = {A Neural Probabilistic Language Model},
   volume = {3},
   url = {http://www.jmlr.org/papers/v3/bengio03a.html},
   year = {2003},
}

@article{Bengio:2008,
   author = {Yoshua Bengio},
   doi = {10.4249/scholarpedia.3881},
   issue = {1},
   journal = {Scholarpedia},
   pages = {3881},
   title = {Neural net language models},
   volume = {3},
   url = {http://www.scholarpedia.org/article/Neural_net_language_models},
   year = {2008},
}

@article{Biyani:2016,
   author = {Prakhar Biyani and Kostas Tsioutsiouliklis and John Blackmer},
   doi = {10.1609/AAAI.V30I1.9966},
   isbn = {9781577357605},
   issn = {2374-3468},
   issue = {1},
   journal = {Proceedings of the Thirtieth AAAI Conference on Artificial Intelligence},
   month = {2},
   pages = {94-100},
   publisher = {AAAI press},
   title = {"8 Amazing Secrets for Getting More Clicks": Detecting Clickbaits in News Streams Using Article Informality},
   volume = {30},
   url = {https://ojs.aaai.org/index.php/AAAI/article/view/9966},
   year = {2016},
}

@inproceedings{Bhattacharjee:2018,
   author = {Sreyasee Das Bhattacharjee and Ashit Talukder and Bala Venkatram Balantrapu},
   doi = {10.1109/BigData.2017.8257971},
   journal = {Proceedings - 2017 IEEE International Conference on Big Data, Big Data 2017},
   month = {12},
   pages = {556-565},
   publisher = {IEEE},
   title = {Active learning based news veracity detection with feature weighting and deep-shallow fusion},
   volume = {2018-Janua},
   year = {2018},
}

@article{Blair:2019,
   author = {Stuart J. Blair and Yaxin Bi and Maurice D. Mulvenna},
   doi = {10.1007/s10489-019-01438-z},
   issn = {15737497},
   journal = {Applied Intelligence},
   month = {7},
   title = {Aggregated topic models for increasing social media topic coherence},
   url = {https://doi.org/10.1007/s10489-019-01438-z},
   year = {2019},
}

@article{Blei:2003,
   author = {David M. Blei and Andrew Y. Ng and Michael I. Jordan},
   issue = {Jan},
   journal = {Journal of Machine Learning Research},
   pages = {993-1022},
   title = {Latent Dirichlet Allocation},
   volume = {3},
   url = {http://jmlr.csail.mit.edu/papers/v3/blei03a.html},
   year = {2003},
}

@article{Blei:2012,
   author = {David M. Blei},
   doi = {10.1145/2133806.2133826},
   issue = {4},
   journal = {Communications of the ACM},
   month = {4},
   pages = {77-84},
   publisher = {ACM, New York, NY, USA},
   title = {Probabilistic topic models},
   volume = {55},
   url = {https://dl.acm.org/doi/abs/10.1145/2133806.2133826},
   year = {2012},
}

@article{Bojanowski:2016,
   author = {Piotr Bojanowski and Edouard Grave and Armand Joulin and Tomas Mikolov},
   month = {7},
   title = {Enriching Word Vectors with Subword Information},
   url = {http://arxiv.org/abs/1607.04606},
   year = {2016},
}

@online{Brown:2012,
   author = {Heather Brown and Emily Guskin and Amy Mitchell},
   journal = {Pew Research Center},
   month = {11},
   title = {The Role of Social Media in the Arab Uprisings},
   url = {https://www.pewresearch.org/journalism/2012/11/28/role-social-media-arab-uprisings},
   year = {2012},
}

@article{Cai:2014,
   author = {Guoyong Cai and Hao Wu and Rui Lv},
   doi = {10.1109/ASONAM.2014.6921694},
   journal = {ASONAM 2014 - Proceedings of the 2014 IEEE/ACM International Conference on Advances in Social Networks Analysis and Mining},
   title = {Rumors detection in Chinese via crowd responses},
   year = {2014},
}

@article{Cao:2020,
  title={Exploring the role of visual content in fake news detection},
  author={Juan Cao and Peng Qi and Qiang Sheng and Tianyun Yang and Junbo Guo and Jintao Li},
  journal={Disinformation, Misinformation, and Fake News in Social Media: Emerging Research Challenges and Opportunities},
  pages={141-161},
  year={2020},
  publisher={Springer}
}

@inproceedings{Campan:2018,
   author = {Alina Campan and Alfredo Cuzzocrea and Traian Marius Truta},
   doi = {10.1109/BigData.2017.8258484},
   journal = {Proceedings - 2017 IEEE International Conference on Big Data, Big Data 2017},
   pages = {4453-4457},
   title = {Fighting fake news spread in online social networks: Actual trends and future research directions},
   volume = {2018-January},
   year = {2018},
}

@article{Caplan:2018,
   author = {Robyn Caplan and Lauren Hanson and Joan Donovan},
   title = {Dead Reckoning: Navigating Content Moderation After Fake News},
   url = {https://datasociety.net/pubs/oh/DataAndSociety_Dead_Reckoning_2018.pdf},
   year = {2018},
}

@inproceedings{Casillo:2021,
   author = {Mario Casillo and Francesco Colace and Brij B. Gupta and Domenico Santaniello and Carmine Valentino},
   editor = {David Mohaisen and Dr. Ruoming Jin},
   isbn = {978-3-030-91434-9},
   doi= {10.1007/978-3-030-91434-9_29},
   journal = {Computational Data and Social Networks},
   pages = {330-339},
   publisher = {Springer International Publishing},
   title = {Fake News Detection Using LDA Topic Modelling and K-Nearest Neighbor Classifier},
   year = {2021},
}

@inproceedings{Castillo:2011,
   author = {Carlos Castillo and Marcelo Mendoza and Barbara Poblete},
   city = {New York, New York, USA},
   doi = {10.1145/1963405.1963500},
   journal = {Proceedings of the 20th international conference on World wide web - WWW '11},
   pages = {675},
   publisher = {ACM Press},
   title = {Information credibility on twitter},
   year = {2011},
}

@inproceedings{Chang:2009,
   author = {Jonathan Chang and Jordan Boyd-Graber and Sean Gerrish and Chong Wang and David M. Blei},
   journal = {Advances in Neural Information Processing Systems 22 - Proceedings of the 2009 Conference},
   pages = {288-296},
   title = {Reading tea leaves: How humans interpret topic models},
   year = {2009},
}

@inproceedings{Chen:2015,
   author = {Yimin Chen and Niall J. Conroy and Victoria L. Rubin},
   doi = {10.1145/2823465.2823467},
   journal = {Proceedings of the ACM Workshop on Multimodal Deception Detection, co-located with ICMI 2015},
   pages = {15-19},
   title = {Misleading online content: Recognizing clickbait as ``false news''},
   year = {2015},
}

@inproceedings{Chen:2016,
   author = {Weiling Chen and Chai Kiat Yeo and Chiew Tong Lau and Bu Sung Lee},
   doi = {10.1109/IEMCON.2016.7746262},
   journal = {7th IEEE Annual Information Technology, Electronics and Mobile Communication Conference, IEEE IEMCON 2016},
   month = {10},
   pages = {1-7},
   publisher = {IEEE},
   title = {Behavior deviation: An anomaly detection view of rumor preemption},
   url = {http://ieeexplore.ieee.org/document/7746262},
   year = {2016},
}

@article{Chen:2018,
   author = {Weiling Chen and Yan Zhang and Chai Kiat Yeo and Chiew Tong Lau and Bu Sung Lee},
   doi = {10.1016/j.patrec.2017.10.014},
   issue = {C},
   journal = {Pattern Recognition Letters},
   month = {4},
   pages = {226-233},
   publisher = {Elsevier Science Inc.},
   title = {Unsupervised rumor detection based on users’ behaviors using neural networks},
   volume = {105},
   year = {2018},
}

@report{Chiou:2018,
   author = {Lesley Chiou and Catherine Tucker},
   doi = {10.3386/w25223},
   issue = {25223},
   institution = {National Bureau of Economic Research},
   month = {11},
   title = {Fake News and Advertising on Social Media: A Study of the Anti-Vaccination Movement},
   url = {http://www.nber.org/papers/w25223},
   year = {2018},
}

@article{Choi:2020,
   author = {Daejin Choi and Selin Chun and Hyunchul Oh and Jinyoung Han and Ted “Taekyoung” Kwon},
   doi = {10.1038/s41598-019-57272-3},
   issn = {2045-2322},
   issue = {1},
   journal = {Scientific Reports},
   pages = {310},
   title = {Rumor Propagation is Amplified by Echo Chambers in Social Media},
   volume = {10},
   url = {https://doi.org/10.1038/s41598-019-57272-3},
   year = {2020},
}

@article{Chowdhury:2021,
   author = {Nashit Chowdhury and Ayisha Khalid and Tanvir C. Turin},
   doi = {10.1007/S10389-021-01565-3},
   issn = {16132238},
   journal = {Zeitschrift Fur Gesundheitswissenschaften (Journal of public health)},
   pages = {1-21},
   pmid = {33968601},
   publisher = {Nature Publishing Group},
   title = {Understanding misinformation infodemic during public health emergencies due to large-scale disease outbreaks: a rapid review},
   url = {/pmc/articles/PMC8088318/ /pmc/articles/PMC8088318/?report=abstract https://www.ncbi.nlm.nih.gov/pmc/articles/PMC8088318/},
   year = {2021},
}

@online{Coleman:2021,
   author = {Keith Coleman},
   month = {1},
   title = {Introducing Birdwatch, a community-based approach to misinformation},
   url = {https://blog.twitter.com/en_us/topics/product/2021/introducing-birdwatch-a-community-based-approach-to-misinformation},
   year = {2021},
}

@inproceedings{Collobert:2008,
   author = {Ronan Collobert and Jason Weston},
   city = {New York, New York, USA},
   doi = {10.1145/1390156.1390177},
   journal = {Proceedings of the 25th international conference on Machine learning - ICML '08},
   pages = {160-167},
   publisher = {ACM Press},
   title = {A unified architecture for natural language processing},
   url = {http://portal.acm.org/citation.cfm?doid=1390156.1390177},
   year = {2008},
}

@article{Collobert:2011,
   author = {Ronan Collobert and Jason Weston and Léon Bottou and Michael Karlen and Koray Kavukcuoglu and Pavel Kuksa},
   journal = {J. Mach. Learn. Res.},
   month = {11},
   pages = {2493-2537},
   publisher = {JMLR.org},
   title = {Natural Language Processing (Almost) from Scratch},
   volume = {12},
   url = {http://dl.acm.org/citation.cfm?id=1953048.2078186},
   year = {2011},
}

@book{Conklin:2006,
   author = {Jeffrey Conklin},
   isbn = {978-0-470-01768-5},
   journal = {Dialogue Mapping: Building Shared Unverstanding of Wicked Problems},
   publisher = {Wiley},
   title = {Dialogue Mapping: Building Shared Understanding of Wicked Problems},
   year = {2006},
}

@inproceedings{Conneau:2017,
  author    = {Conneau, Alexis  and  Kiela, Douwe  and  Schwenk, Holger  and  Barrault, Lo\"{i}c  and  Bordes, Antoine},
  title     = {Supervised Learning of Universal Sentence Representations from Natural Language Inference Data},
  booktitle = {Proceedings of the 2017 Conference on Empirical Methods in Natural Language Processing},
  month     = {September},
  year      = {2017},
  address   = {Copenhagen, Denmark},
  publisher = {Association for Computational Linguistics},
  pages     = {670-680},
  url       = {https://www.aclweb.org/anthology/D17-1070}
}

@article{DUliza:2021,
   author = {Arianna D’Ulizia and Maria Chiara Caschera and Fernando Ferri and Patrizia Grifoni},
   doi = {10.7717/PEERJ-CS.518},
   journal = {PeerJ. Computer science},
   pages = {1-34},
   publisher = {PeerJ Comput Sci},
   title = {Fake news detection: a survey of evaluation datasets},
   volume = {7},
   url = {https://pubmed.ncbi.nlm.nih.gov/34239967},
   year = {2021},
}

@inproceedings{Dang:2016,
   author = {Anh Dang and Michael Smit and Abidalrahman Moh'D and Rosane Minghim and Evangelos Milios},
   doi = {10.1109/ASONAM.2016.7752326},
   journal = {Proceedings of the 2016 IEEE/ACM International Conference on Advances in Social Networks Analysis and Mining, ASONAM 2016},
   pages = {777-784},
   title = {Toward understanding how users respond to rumours in social media},
   year = {2016},
}

@article{Devlin:2019,
   author = {Jacob Devlin and Ming-Wei Chang and Kenton Lee and Kristina Toutanova},
   city = {Stroudsburg, PA, USA},
   doi = {10.18653/V1/N19-1423},
   journal = {Proceedings of the 2019 Conference of the North},
   month = {6},
   pages = {4171-4186},
   publisher = {Association for Computational Linguistics},
   title = {BERT: Pre-training of Deep Bidirectional Transformers for Language Understanding},
   url = {https://aclanthology.org/N19-1423},
   year = {2019},
}

@webpage{Dictionary:2018,
   author = {{Dictionary.com}},
   journal = {Dictionary.com},
   month = {11},
   title = {Misinformation | Dictionary.com's 2018 Word of the Year},
   url = {https://www.dictionary.com/e/word-of-the-year-2018},
   year = {2018},
}

@article{Dijk:1983,
author = {{van Dijk}, Teun A.},
title = {Discourse Analysis: Its Development and Application to the Structure of News},
journal = {Journal of Communication},
volume = {33},
number = {2},
pages = {20-43},
doi = {https://doi.org/10.1111/j.1460-2466.1983.tb02386.x},
url = {https://onlinelibrary.wiley.com/doi/abs/10.1111/j.1460-2466.1983.tb02386.x},
eprint = {https://onlinelibrary.wiley.com/doi/pdf/10.1111/j.1460-2466.1983.tb02386.x},
year = {1983}
}

@webpage{EEAS:2022,
   author = {{European External Action Service}},
   journal = {EU vs Disinfo},
   month = {1},
   title = {Disinformation About the Current Russia-Ukraine Conflict – Seven Myths Debunked},
   year = {2022},
}

@article{Egger:2022,
   author = {Roman Egger and Joanne Yu},
   doi = {10.3389/fsoc.2022.886498},
   issn = {22977775},
   journal = {Frontiers in Sociology},
   title = {A Topic Modeling Comparison Between LDA, NMF, Top2Vec, and BERTopic to Demystify Twitter Posts},
   volume = {7},
   year = {2022},
}

@inproceedings{Feng:2012,
    title = "Syntactic Stylometry for Deception Detection",
    author = "Feng, Song  and Banerjee, Ritwik  and Choi, Yejin",
    booktitle = "Proceedings of the 50th Annual Meeting of the Association for Computational Linguistics (Volume 2: Short Papers)",
    month = "July",
    year = "2012",
    address = "Jeju Island, Korea",
    publisher = "Association for Computational Linguistics",
    url = "https://aclanthology.org/P12-2034",
    pages = "171-175",
}

@inproceedings{Ferreira:2016,
   author = {William Ferreira and Andreas Vlachos},
   doi = {10.18653/v1/n16-1138},
   journal = {2016 Conference of the North American Chapter of the Association for Computational Linguistics: Human Language Technologies, NAACL HLT 2016 - Proceedings of the Conference},
   pages = {1163-1168},
   title = {Emergent: A novel data-set for stance classification},
   year = {2016},
}

@article{Fong:2021,
   author = {Jessica Fong and Tong Guo and Anita Rao},
   doi = {10.2139/SSRN.3875665},
   journal = {SSRN Electronic Journal},
   month = {6},
   publisher = {Elsevier BV},
   title = {Debunking Misinformation in Advertising},
   url = {https://papers.ssrn.com/abstract=3875665},
   year = {2021},
}

@inproceedings{Gabielkov:2016,
   author = {Maksym Gabielkov and Arthi Ramachandran and Augustin Chaintreau and Arnaud Legout},
   city = {Antibes Juan-les-Pins, France},
   doi = {10.1145/2896377.2901462},
   journal = {Proceedings of the SIGMETRICS/Performance Joint International Conference on Measurement and Modeling of Computer Science},
   month = {6},
   pages = {179-192},
   title = {Social clicks: What and who gets read on twitter?},
   url = {https://hal.inria.fr/hal-01281190},
   year = {2016},
}

@article{Gelfert:2018,
   author = {Axel Gelfert},
   doi = {10.22329/il.v38i1.5068},
   issue = {1},
   journal = {Informal Logic},
   pages = {84-117},
   title = {Fake news: A definition},
   volume = {38},
   year = {2018},
}

@article{Goldberg:2014,
   author = {Yoav Goldberg and Omer Levy},
   month = {2},
   title = {word2vec Explained: deriving Mikolov et al.'s negative-sampling word-embedding method},
   url = {http://arxiv.org/abs/1402.3722},
   year = {2014},
}

@book{Goldberg:2017,
   author = {Yoav Goldberg and Graeme Hirst},
   isbn = {1627052984, 9781627052986},
   publisher = {Morgan \& Claypool Publishers},
   title = {Neural Network Methods in Natural Language Processing},
   year = {2017},
}

@inproceedings{Goodfellow:2014,
   author = {Ian J. Goodfellow and Jean Pouget-Abadie and Mehdi Mirza and Bing Xu and David Warde-Farley and Sherjil Ozair and Aaron Courville and Yoshua Bengio},
   doi = {10.1007/978-3-658-40442-0_9},
   issn = {10495258},
   issue = {January},
   journal = {Advances in Neural Information Processing Systems (NIPS 2014)},
   title = {Generative Adversarial Nets},
   volume = {3},
   pages = {2672-2680},
   year = {2014},
}

@online{Google:2021,
   author = {{Google France}},
   journal = {Google France},
   month = {1},
   title = {Le blog officiel de Google France: L’Alliance de la Presse d’Information Générale et Google France signent un accord relatif à l’utilisation des publications de presse en ligne},
   url = {https://france.googleblog.com/2021/01/APIG-Google.html},
   year = {2021},
}

@article{Gorrell:2019,
   author = {Genevieve Gorrell and Elena Kochkina and Maria Liakata and Ahmet Aker and Arkaitz Zubiaga and Kalina Bontcheva and Leon Derczynski},
   city = {Stroudsburg, PA, USA},
   doi = {10.18653/V1/S19-2147},
   journal = {Proceedings of the 13th International Workshop on Semantic Evaluation},
   pages = {845-854},
   publisher = {Association for Computational Linguistics},
   title = {SemEval-2019 Task 7: RumourEval, Determining Rumour Veracity and Support for Rumours},
   url = {https://aclanthology.org/S19-2147},
   year = {2019},
}

@inproceedings{Guacho:2018,
   author = {Gisel Bastidas Guacho and Sara Abdali and Neil Shah and Evangelos E. Papalexakis},
   doi = {10.1109/ASONAM.2018.8508241},
   journal = {Proceedings of the 2018 IEEE/ACM International Conference on Advances in Social Networks Analysis and Mining, ASONAM 2018},
   month = {8},
   pages = {322-325},
   publisher = {IEEE},
   title = {Semi-supervised content-based detection of misinformation via tensor embeddings},
   year = {2018},
}

@article{Grootendorst:2022,
   author = {M. Grootendorst},
   doi = {10.48550/arxiv.2203.05794},
   journal = {ArXiv},
   title = {BERTopic: Neural topic modeling with a class-based TF-IDF procedure},
   year = {2022},
}

@article{Habgood-Coote:2018,
   author = {Joshua Habgood-Coote},
   issue = {July 27},
   journal = {The Conversation},
   title = {The term ‘fake news’ is doing great harm},
   url = {https://theconversation.com/the-term-fake-news-is-doing-great-harm-100406},
   year = {2018},
}

@article{Harris:1954,
   author = {Zellig S. Harris},
   doi = {10.1080/00437956.1954.11659520},
   issue = {2-3},
   journal = {Word},
   month = {8},
   pages = {146-162},
   publisher = {Routledge},
   title = {Distributional Structure},
   volume = {10},
   url = {http://www.tandfonline.com/doi/full/10.1080/00437956.1954.11659520},
   year = {1954},
}

@article{Hemmatian:2019,
   author = {Babak Hemmatian and Sabina J. Sloman and Uriel Cohen Priva and Steven A. Sloman},
   doi = {10.3758/s13428-019-01215-3},
   issue = {4},
   journal = {Behavior Research Methods},
   month = {8},
   pages = {1565-1585},
   title = {Think of the consequences: A decade of discourse about same-sex marriage},
   volume = {51},
   url = {http://link.springer.com/10.3758/s13428-019-01215-3},
   year = {2019},
}

@chapter{Hinton:1986,
   author = {G E Hinton and J L McClelland and D E Rumelhart},
   city = {Cambridge, MA, USA},
   editor = {David E Rumelhart and James L McClelland and CORPORATE PDP Research Group},
   isbn = {0-262-68053-X},
   pages = {77-109},
   publisher = {MIT Press},
   title = {Parallel Distributed Processing: Explorations in the Microstructure of Cognition, Vol. 1},
   url = {http://dl.acm.org/citation.cfm?id=104279.104287},
   year = {1986},
}

@article{Horne:2017,
   author = {Benjamin D. Horne and Sibel Adali},
   title = {This Just In: Fake News Packs a Lot in Title, Uses Simpler, Repetitive Content in Text Body, More Similar to Satire than Real News},
   url = {http://arxiv.org/abs/1703.09398},
   year = {2017},
}

@misc{Hosseini:2022,
    title={Interpretable Fake News Detection with Topic and Deep Variational Models},
    author={Marjan Hosseini and Alireza Javadian Sabet and Suining He and Derek Aguiar},
    year={2022},
    eprint={2209.01536},
    archivePrefix={arXiv},
    primaryClass={cs.CL}
}

@inproceedings{Hosseinimotlagh:2018,
   author = {Seyedmehdi Hosseinimotlagh and Evangelos E Papalexakis},
   journal = {Proceedings of the Workshop on Misinformation and Misbehavior Mining on the Web (MIS2)},
   title = {Unsupervised Content-Based Identification of Fake News articles with Tensor Decomposition Ensembles},
   year = {2018},
}

@article{HKS:2020,
   author = {Irene Pasquetto and Briony Swire-Thompson and Michelle A Amazeen and Fabrício Benevenuto and Nadia M Brashier and Robert M Bond and Lia C Bozarth and Ceren Budak and Ullrich K H Ecker and Lisa K Fazio and Emilio Ferrara and Andrew J Flanagin and Alessandro Flammini and Deen Freelon and Nir Grinberg and Ralph Hertwig and Kathleen Hall Jamieson and Kenneth Joseph and Jason J Jones and R Kelly Garrett and Daniel Kreiss and Shannon McGregor and Jasmine McNealy and Drew Margolin and Alice Marwick and Filippo Menczer and Miriam J Metzger and Seungahn Nah and Stephan Lewandowsky and Philipp Lorenz-Spreen and Pablo Ortellado and Gordon Pennycook and Ethan Porter and David G Rand and Ronald E Robertson and Francesca Tripodi and Soroush Vosoughi and Chris Vargo and Onur Varol and Brian E Weeks and John Wihbey and Thomas J Wood and Kai-Cheng Yang},
   doi = {10.37016/MR-2020-49},
   issue = {8},
   journal = {Harvard Kennedy School Misinformation Review},
   month = {12},
   publisher = {Shorenstein Center for Media, Politics, and Public Policy},
   title = {Tackling misinformation: What researchers could do with social media data},
   volume = {1},
   url = {https://misinforeview.hks.harvard.edu/article/tackling-misinformation-what-researchers-could-do-with-social-media-data},
   year = {2020},
}

@inproceedings{Ito:2015,
   author = {Jun Ito and Hiroyuki Toda and Yoshimasa Koike and Jing Song and Satoshi Oyama},
   doi = {10.1145/2740908.2742569},
   journal = {WWW 2015 Companion - Proceedings of the 24th International Conference on World Wide Web},
   pages = {953-958},
   title = {Assessment of tweet credibility with LDA features},
   year = {2015},
}

@article{Jack:2017,
   author = {Carloine Jack},
   title = {Lexicon of Lies: Terms for Problematic Information},
   url = {https://datasociety.net/library/lexicon-of-lies},
   year = {2017},
}

@article{Kaminska:2017,
   author = {Izabella Kaminska},
   journal = {Financial Times},
   month = {1},
   title = {A lesson in fake news from the info-wars of ancient Rome},
   url = {https://www.ft.com/content/aaf2bb08-dca2-11e6-86ac-f253db7791c6},
   year = {2017},
}

@inproceedings{Karimi:2019,
   author = {Hamid Karimi and Jiliang Tang},
   city = {Stroudsburg, PA, USA},
   doi = {10.18653/v1/N19-1347},
   journal = {Proceedings of the 2019 Conference of the North},
   pages = {3432-3442},
   publisher = {Association for Computational Linguistics},
   title = {Learning Hierarchical Discourse-level Structure for Fake News Detection},
   url = {http://aclweb.org/anthology/N19-1347},
   year = {2019},
}

@book{Kavanagh:2019,
   author = {Jennifer Kavanagh and William Marcellino and Jonathan S Blake and Shawn Smith and Steven Davenport and Mahlet Gizaw},
   city = {Santa Monica, CA},
   doi = {10.7249/RR2960},
   publisher = {RAND Corporation},
   title = {News in a Digital Age: Comparing the Presentation of News Information over Time and Across Media Platforms},
   url = {https://www.rand.org/pubs/research_reports/RR2960.html},
   year = {2019},
}

@article{Kochkina:2017,
   author = {Elena Kochkina and Maria Liakata and Isabelle Augenstein},
   month = {4},
   title = {Turing at SemEval-2017 Task 8: Sequential Approach to Rumour Stance Classification with Branch-LSTM},
   url = {http://arxiv.org/abs/1704.07221},
   year = {2017},
}

@article{Kochkina:2018,
   author = {Elena Kochkina and Maria Liakata and Arkaitz Zubiaga},
   doi = {10.6084/m9.figshare.6392078.v1},
   month = {3},
   title = {PHEME dataset for Rumour Detection and Veracity Classification},
   url = {https://figshare.com/articles/dataset/PHEME_dataset_for_Rumour_Detection_and_Veracity_Classification/6392078},
   year = {2018},
}

@inproceedings{Kolev:2022,
   author = {Vladislav Kolev and Gerhard Weiss and Gerasimos Spanakis},
   city = {Setúbal},
   address = "Portugal",
   doi = {10.5220/0010873900003116},
   editor = "Rocha, {Ana Paula} and Luc Steels and {van den Herik}, Jaap",
   booktitle = "Proceedings of the 14th International Conference on Agents and Artificial Intelligence (ICAART 2022)",
   isbn = {978-989-758-547-0},
   journal = {International Conference on Agents and Artificial Intelligence (ICAART 2022)},
   volume = "2",
   month = {2},
   pages = {429-440},
   publisher = {Scitepress - Science And Technology Publications},
   title = {FOREAL: RoBERTa Model for Fake News Detection based on Emotions},
   year = {2022},
}

@article{Konstantinovskiy:2018,
   author = {Lev Konstantinovskiy and Oliver Price and Mevan Babakar and Arkaitz Zubiaga},
   month = {9},
   title = {Towards Automated Factchecking: Developing an Annotation Schema and Benchmark for Consistent Automated Claim Detection},
   url = {http://arxiv.org/abs/1809.08193},
   year = {2018},
}

@article{Korencic:2018,
   author = {Damir Korenčić and Strahil Ristov and Jan Šnajder},
   doi = {10.1016/j.eswa.2018.07.063},
   journal = {Expert Systems with Applications},
   pages = {357-373},
   title = {Document-based topic coherence measures for news media text},
   volume = {114},
   year = {2018},
}

@article{Kula:2021,
   author = {Sebastian Kula and Rafał Kozik and Michał Choraś and Michał Woźniak},
   doi = {10.1007/978-3-030-77970-2_3/COVER},
   isbn = {9783030779696},
   issn = {16113349},
   journal = {Lecture Notes in Computer Science},
   month = {6},
   pages = {28-38},
   publisher = {Springer Science and Business Media Deutschland GmbH},
   title = {Transformer Based Models in Fake News Detection},
   volume = {12745},
   url = {https://link.springer.com/chapter/10.1007/978-3-030-77970-2_3},
   year = {2021},
}

@article{Kumar:2014,
   author = {KP Krishna Kumar and G. Geethakumari},
   doi = {10.1186/s13673-014-0014-x},
   issue = {1},
   journal = {Human-centric Computing and Information Sciences},
   title = {Detecting misinformation in online social networks using cognitive psychology},
   volume = {4},
   year = {2014},
}

@article{Kwon:2017,
   author = {Sejeong Kwon and Meeyoung Cha and Kyomin Jung},
   doi = {10.1371/journal.pone.0168344},
   editor = {Zhong-Ke Gao},
   issue = {1},
   journal = {PLOS ONE},
   month = {1},
   pages = {e0168344},
   publisher = {Public Library of Science},
   title = {Rumor Detection over Varying Time Windows},
   volume = {12},
   url = {https://dx.plos.org/10.1371/journal.pone.0168344},
   year = {2017},
}

@inproceedings{Levy:2014,
   author = {Omer Levy and Yoav Goldberg},
   city = {Cambridge, MA, USA},
   journal = {Proceedings of the 27th International Conference on Neural Information Processing Systems - Volume 2},
   pages = {2177-2185},
   publisher = {MIT Press},
   title = {Neural Word Embedding As Implicit Matrix Factorization},
   url = {http://dl.acm.org/citation.cfm?id=2969033.2969070},
   year = {2014},
}

@inproceedings{Li:2019,
   author = {Songqian Li and Kun Ma and Xuewei Niu and Yufeng Wang and Ke Ji and Ziqiang Yu and Zhenxiang Chen},
   doi = {10.1109/HPCC/SmartCity/DSS.2019.00383},
   journal = {Proceedings - 21st IEEE International Conference on High Performance Computing and Communications, 17th IEEE International Conference on Smart City and 5th IEEE International Conference on Data Science and Systems, HPCC/SmartCity/DSS 2019},
   month = {8},
   pages = {2730-2735},
   publisher = {IEEE},
   title = {Stacking-based ensemble learning on low dimensional features for fake news detection},
   url = {https://ieeexplore.ieee.org/document/8855557},
   year = {2019},
}

@article{Liang:2015,
   author = {Gang Liang and Wenbo He and Chun Xu and Liangyin Chen and Jinquan Zeng},
   doi = {10.1109/TCSS.2016.2517458},
   journal = {IEEE Transactions on Computational Social Systems},
   title = {Rumor Identification in Microblogging Systems Based on Users' Behavior},
   year = {2015},
}

@inproceedings{Maiya:2015,
   author = {Arun S. Maiya and Robert M. Rolfe},
   doi = {10.1109/BigData.2014.7004253},
   journal = {Proceedings - 2014 IEEE International Conference on Big Data, IEEE Big Data 2014},
   pages = {364-372},
   title = {Topic similarity networks: Visual analytics for large document sets},
   year = {2015},
}

@article{Mann:1988,
   author = {William C. Mann and Sandra A. Thompson},
   doi = {10.1515/text.1.1988.8.3.243},
   issn = {16134117},
   issue = {3},
   journal = {Text},
   pages = {243-281},
   publisher = {Walter de Gruyter, Berlin / New York},
   title = {Rhetorical Structure Theory: Toward a functional theory of text organization},
   volume = {8},
   url = {https://www.degruyter.com/view/j/text.1.1988.8.issue-3/text.1.1988.8.3.243/text.1.1988.8.3.243.xml},
   year = {1988},
}

@book{Manning:2008,
   author = {Christoper D. Manning and Prabhakar Raghavan and Hinrich Schütze},
   isbn = {978-0-521-86571-5},
   publisher = {Cambridge University Press},
   title = {Introduction to Information Retrieval},
   url = {https://nlp.stanford.edu/IR-book},
   year = {2008},
}

@article{Menczer:2020,
   author = {Filippo Menczer and Thomas Hills},
   doi = {10.1038/scientificamerican1220-54},
   issue = {323},
   journal = {Scientific American},
   month = {12},
   pages = {54-61},
   title = {The Attention Economy},
   volume = {6},
   url = {https://www.scientificamerican.com/article/information-overload-helps-fake-news-spread-and-social-media-knows-it},
   year = {2020},
}

@inproceedings{Mikolov:2011,
   author = {Tomas Mikolov and Stefan Kombrink and Lukas Burget and Jan Cernocky and Sanjeev Khudanpur},
   doi = {10.1109/ICASSP.2011.5947611},
   journal = {2011 IEEE International Conference on Acoustics, Speech and Signal Processing (ICASSP)},
   month = {5},
   pages = {5528-5531},
   publisher = {IEEE},
   title = {Extensions of recurrent neural network language model},
   url = {http://ieeexplore.ieee.org/document/5947611},
   year = {2011},
}

@article{Mikolov:2013,
   author = {Tomas Mikolov and Ilya Sutskever and Kai Chen and Greg S. Corrado and Jeff Dean},
   pages = {3111-3119},
   title = {Distributed Representations of Words and Phrases and their Compositionality},
   url = {https://papers.nips.cc/paper/5021-distributed-representations-of-words-andphrases},
   year = {2013},
}

@inproceedings{Mikolov:2013b,
   author = {Tomas Mikolov and Kai Chen and Gregory S. Corrado and Jeffrey Dean},
   journal = {1st International Conference on Learning Representations, ICLR 2013 - Workshop Track Proceedings},
   month = {1},
   title = {Efficient Estimation of Word Representations in Vector Space},
   year = {2013b},
}

@article{Mikolov:2014,
   author = {Quoc V. Le and Tomas Mikolov},
   month = {5},
   title = {Distributed Representations of Sentences and Documents},
   url = {http://arxiv.org/abs/1405.4053},
   year = {2014},
}

@article{Mimno:2011,
   author = {David Mimno and Hanna M. Wallach and Edmund Talley and Miriam Leenders and Andrew McCallum},
   issue = {2},
   journal = {Conference on Empirical Methods in Natural Language Processing, Proceedings of the Conference},
   pages = {262-272},
   title = {Optimizing semantic coherence in topic models},
   url = {https://www.aclweb.org/anthology/D11-1024},
   year = {2011},
}

@article{Mirsky:2021,
   author = {Yisroel Mirsky and Wenke Lee},
   doi = {10.1145/3425780},
   issn = {15577341},
   issue = {1},
   journal = {ACM Computing Surveys},
   title = {The Creation and Detection of Deepfakes},
   volume = {54},
   year = {2021},
}


@inproceedings{Mitra:2015,
   author = {T Mitra and E Gilbert},
   journal = {Proceedings of the 9th International Conference on Web and Social Media, ICWSM 2015},
   pages = {258-267},
   title = {CREDBANK: A large-scale social media corpus with associated credibility annotations},
   year = {2015},
}

@inproceedings{Mohammad:2016,
   author = {Saif Mohammad and Svetlana Kiritchenko and Parinaz Sobhani and Xiaodan Zhu and Colin Cherry},
   city = {Portorož, Slovenia},
   journal = {Proceedings of the Tenth International Conference on Language Resources and Evaluation (LREC'16)},
   month = {5},
   pages = {3945-3952},
   publisher = {European Language Resources Association (ELRA)},
   title = {A Dataset for Detecting Stance in Tweets},
   url = {https://aclanthology.org/L16-1623},
   year = {2016},
}

@incollection{Mohammad:2017,
   author = {Saif M Mohammad and Parinaz Sobhani and Svetlana Kiritchenko},
   doi = {10.1145/3003433},
   issue = {3},
   journal = {Special Section of the ACM Transactions on Internet Technology on Argumentation in Social Media},
   title = {Stance and Sentiment in Tweets},
   volume = {17},
   url = {https://doi.org/10.1145/3003433},
   year = {2017},
}

@webpage{MWD:2017,
   author = {{Merriam-Webster Dictionary}},
   journal = {Merriam-Webster Dictionary},
   month = {3},
   title = {How Is 'Fake News' Defined, and When Will It Be Added to the Dictionary?},
   url = {https://www.merriam-webster.com/words-at-play/the-real-story-of-fake-news},
   year = {2017},
}

@webpage{MWD:2022,
   author = {{Merriam-Webster Dictionary}},
   journal = {Merriam-Webster Dictionary},
   month = {3},
   title = {What is 'Truthiness'?},
   url = {https://www.merriam-webster.com/words-at-play/truthiness-meaning-word-origin},
   year = {2022},
}

@online{Newton:2019,
   author = {Casey Newton},
   journal = {The Verge},
   title = {The secret lives of Facebook moderators in America},
   url = {https://www.theverge.com/2019/2/25/18229714/cognizant-facebook-content-moderator-interviews-trauma-working-conditions-arizona},
   year = {2019},
}

@online{Newton:2019b,
   author = {Casey Newton},
   journal = {The Verge},
   month = {6},
   title = {Bodies in Seats: Facebook moderators break their NDAs to expose desperate working conditions},
   url = {https://www.theverge.com/2019/6/19/18681845/facebook-moderator-interviews-video-trauma-ptsd-cognizant-tampa},
   year = {2019b},
}

@inproceedings{Nguyen:2020,
   author = {Dat Quoc Nguyen and Thanh Vu and Anh Tuan Nguyen},
   city = {Online},
   doi = {10.18653/v1/2020.emnlp-demos.2},
   journal = {Proceedings of the 2020 Conference on Empirical Methods in Natural Language Processing: System Demonstrations},
   month = {10},
   pages = {9-14},
   publisher = {Association for Computational Linguistics},
   title = {BERTweet: A pre-trained language model for English Tweets},
   url = {https://aclanthology.org/2020.emnlp-demos.2},
   year = {2020},
}

@report{NMA:2019,
   author = {{News Media Alliance}},
   institution = {News Media Alliance},
   month = {6},
   title = {Google Benefit from News Content},
   url = {http://www.newsmediaalliance.org/wp-content/uploads/2019/06/Google-Benefit-from-News-Content.pdf},
   year = {2019},
}


@online{OED:infodemic,
   author = {{Oxford English Dictionary}},
   journal = {Oxford University Press},
   month = {12},
   title = {\href{https://www.oed.com/view/Entry/88407009}{infodemic, n.}},
   url = {https://www.oed.com/view/Entry/88407009},
   year = {2021},
}

@online{OED:news,
   author = {{Oxford English Dictionary}},
   journal = {Oxford University Press},
   month = {2},
   title = {\href{https://www.oed.com/view/Entry/126615}{news, n.}},
   url = {https://www.oed.com/view/Entry/126615},
   year = {2022},
}

@online{OED:shockvertising,
   author = {{Oxford English Dictionary}},
   journal = {Oxford University Press},
   month = {7},
   title = {\href{https://www.oed.com/view/Entry/94769467}{shockvertising, n.}},
   url = {https://www.oed.com/view/Entry/94769467},
   year = {2022},
}

@online{OED:rumour,
   author = {{Oxford English Dictionary}},
   journal = {Oxford University Press},
   month = {9},
   title = {\href{https://www.oed.com/view/Entry/168836}{rumour | rumor, n.}},
   url = {https://www.oed.com/view/Entry/168836},
   year = {2021},
}

@report{Ofcom:2021,
   author = {Ofcom},
   month = {7},
   title = {News consumption in the UK: 2021},
   url = {https://www.ofcom.org.uk/research-and-data/tv-radio-and-on-demand/news-media/news-consumption},
   year = {2021},
}

@webpage{OxfordLanguages:2016,
   author = {{Oxford Languages}},
   journal = {Oxford Languages},
   title = {Oxford Word of the Year 2016},
   url = {https://languages.oup.com/word-of-the-year/2016/},
   year = {2016},
}

@article{Omar:2015,
   author = {Muhammad Omar and Byung Won On and Ingyu Lee and Gyu Sang Choi},
   doi = {10.1177/0165551515587839},
   issue = {5},
   journal = {Journal of Information Science},
   month = {10},
   pages = {662-675},
   publisher = {SAGE PublicationsSage UK: London, England},
   title = {LDA topics: Representation and evaluation},
   volume = {41},
   url = {http://journals.sagepub.com/doi/10.1177/0165551515587839},
   year = {2015},
}

@article{Oremus:2017,
   author = {Will Oremus},
   journal = {Slate},
   title = {Facebook has stopped saying “fake news.” Is “false news” any better?},
   url = {https://slate.com/technology/2017/08/facebook-has-stopped-saying-fake-news-is-false-news-any-better.html},
   year = {2017},
}

@article{Ouali:2020,
   author = {Yassine Ouali and Céline Hudelot and Myriam Tami},
   journal = {ArXiv},
   title = {An Overview of Deep Semi-Supervised Learning},
   volume = {abs/2006.05278},
   url = {https://arxiv.org/abs/2006.05278},
   year = {2020},
}

@inproceedings{Paixao:2020,
    author={"Maik Paixão and Rinaldo Lima and Bernard Espinasse"},
    booktitle={2020 IEEE/WIC/ACM International Joint Conference on Web Intelligence and Intelligent Agent Technology (WI-IAT)},
    title={Fake News Classification and Topic Modeling in Brazilian Portuguese},
    year={2020},
    pages={427-432},
    doi={10.1109/WIIAT50758.2020.00063}
}

@inproceedings{Parikh:2018,
   author = {Shivam B. Parikh and Pradeep K. Atrey},
   doi = {10.1109/MIPR.2018.00093},
   journal = {Proceedings - IEEE 1st Conference on Multimedia Information Processing and Retrieval, MIPR 2018},
   pages = {436-441},
   title = {Media-Rich Fake News Detection: A Survey},
   year = {2018},
}

@article{Park:1923,
   author = {Robert E. Park},
   issn = {15375390},
   issue = {3},
   journal = {American Journal of Sociology},
   pages = {273-289},
   title = {The Natural History of the Newspaper},
   publisher = {University of Chicago Press},
   volume = {29},
   year = {1923},
}

@article{Paul:2016,
   author = {Christopher Paul and Miriam Matthews},
   doi = {10.7249/PE198},
   journal = {RAND Corporation},
   title = {The Russian "Firehose of Falsehood" Propaganda Model: Why It Might Work and Options to Counter It},
   url = {https://www.rand.org/pubs/perspectives/PE198.html},
   year = {2016},
}

@inproceedings{Pennington:2014,
   author = {Jeffrey Pennington and Richard Socher and Christopher Manning},
   city = {Stroudsburg, PA, USA},
   doi = {10.3115/v1/D14-1162},
   journal = {Proceedings of the 2014 Conference on Empirical Methods in Natural Language Processing (EMNLP)},
   pages = {1532-1543},
   publisher = {Association for Computational Linguistics},
   title = {Glove: Global Vectors for Word Representation},
   url = {http://aclweb.org/anthology/D14-1162},
   year = {2014},
}

@article{Pennycook:2021,
   author = {Gordon Pennycook and David G Rand},
   doi = {https://doi.org/10.1016/j.tics.2021.02.007},
   issn = {1364-6613},
   issue = {5},
   journal = {Trends in Cognitive Sciences},
   pages = {388-402},
   title = {The Psychology of Fake News},
   volume = {25},
   url = {https://www.sciencedirect.com/science/article/pii/S1364661321000516},
   year = {2021},
}

@online{Perrigo:2022,
   author = {Billy Perrigo},
   journal = {Time Magazine},
   month = {2},
   title = {Inside Facebook's African Sweatshop},
   url = {https://time.com/6147458/facebook-africa-content-moderation-employee-treatment},
   year = {2022},
}

@inproceedings{Perez-Rosas:2018,
   author = {Verónica Pérez-Rosas and Bennett Kleinberg and Alexandra Lefevre and Rada Mihalcea},
   city = {Santa Fe, New Mexico, USA},
   journal = {Proceedings of the 27th International Conference on Computational Linguistics},
   pages = {3391-3401},
   publisher = {Association for Computational Linguistics},
   title = {Automatic Detection of Fake News},
   url = {https://www.aclweb.org/anthology/C18-1287},
   year = {2018},
}

@report{Pew:2021,
   author = {{Pew Research Center}},
   month = {9},
   title = {News Consumption Across Social Media in 2021},
   url = {https://www.pewresearch.org/journalism/2021/09/20/news-consumption-across-social-media-in-2021},
   year = {2021},
}

@article{Pian:2021,
   author = {Wenjing Pian and Jianxing Chi and Feicheng Ma},
   doi = {10.1016/J.IPM.2021.102713},
   issn = {0306-4573},
   issue = {6},
   journal = {Information Processing \& Management},
   month = {11},
   pages = {102713},
   publisher = {Pergamon},
   title = {The causes, impacts and countermeasures of COVID-19 “Infodemic”: A systematic review using narrative synthesis},
   volume = {58},
   year = {2021},
}

@article{Pilditch:2022,
   author = {Toby D. Pilditch and Jon Roozenbeek and Jens Koed Madsen and Sander van der Linden},
   doi = {10.1098/RSOS.211953},
   issn = {2054-5703},
   issue = {8},
   journal = {Royal Society Open Science},
   month = {8},
   publisher = {The Royal Society},
   title = {Psychological inoculation can reduce susceptibility to misinformation in large rational agent networks},
   volume = {9},
   url = {https://royalsocietypublishing.org/doi/10.1098/rsos.211953},
   year = {2022},
}

@inproceedings{Potthast:2018,
   author = {Martin Potthast and Johannes Kiesel and Kevin Reinartz and Janek Bevendorff and Benno Stein},
   city = {Stroudsburg, PA, USA},
   doi = {10.18653/v1/p18-1022},
   journal = {ACL 2018 - 56th Annual Meeting of the Association for Computational Linguistics, Proceedings of the Conference (Long Papers)},
   pages = {231-240},
   publisher = {Association for Computational Linguistics},
   title = {A stylometric inquiry into hyperpartisan and fake news},
   volume = {1},
   url = {http://aclweb.org/anthology/P18-1022},
   year = {2018},
}

@inproceedings{Rashkin:2017,
   author = {Hannah Rashkin and Eunsol Choi and Jin Yea Jang and Svitlana Volkova and Yejin Choi},
   city = {Copenhagen, Denmark},
   doi = {10.18653/V1/D17-1317},
   isbn = {9781945626838},
   journal = {EMNLP 2017 - Conference on Empirical Methods in Natural Language Processing, Proceedings},
   pages = {2931-2937},
   publisher = {Association for Computational Linguistics (ACL)},
   title = {Truth of Varying Shades: Analyzing Language in Fake News and Political Fact-Checking},
   year = {2017},
}

@article{Raza:2022,
   author = {Shaina Raza and Chen Ding},
   doi = {10.1007/S41060-021-00302-Z/FIGURES/11},
   issn = {23644168},
   issue = {4},
   journal = {International Journal of Data Science and Analytics},
   month = {5},
   pages = {335-362},
   publisher = {Springer Science and Business Media Deutschland GmbH},
   title = {Fake news detection based on news content and social contexts: a transformer-based approach},
   volume = {13},
   url = {https://link.springer.com/article/10.1007/s41060-021-00302-z},
   year = {2022},
}

@report{ReutersInstitute:2021,
   author = {{Reuters Institute}},
   isbn = {978-1-907384-90-5},
   institution = {Reuters Institute for the Study of Journalism, Oxford University},
   title = {Digital News Report 2021},
   url = {https://reutersinstitute.politics.ox.ac.uk/digital-news-report/2021},
   year = {2021},
}

@article{Rittel:1973,
   author = {Horst W.J. Rittel and Melvin M. Webber},
   doi = {10.1007/BF01405730},
   issue = {2},
   journal = {Policy Sciences 1973 4:2},
   month = {6},
   pages = {155-169},
   publisher = {Springer},
   title = {Dilemmas in a general theory of planning},
   volume = {4},
   url = {https://link.springer.com/article/10.1007/BF01405730},
   year = {1973},
}

@inproceedings{Roder:2015,
   author = {Michael Röder and Andreas Both and Alexander Hinneburg},
   doi = {10.1145/2684822.2685324},
   journal = {WSDM 2015 - Proceedings of the 8th ACM International Conference on Web Search and Data Mining},
   pages = {399-408},
   title = {Exploring the space of topic coherence measures},
   year = {2015},
}

@webpage{Rothkopf:2003,
   author = {David Rothkopf},
   journal = {The Washington Post},
   month = {5},
   title = {When the Buzz Bites Back},
   url = {https://www.washingtonpost.com/archive/opinions/2003/05/11/when-the-buzz-bites-back/bc8cd84f-cab6-4648-bf58-0277261af6cd},
   year = {2003},
}

@article{Ruchansky:2017,
   author = {Natali Ruchansky and Sungyong Seo and Yan Liu},
   city = {New York, New York, USA},
   doi = {10.1145/3132847.3132877},
   journal = {Proceedings of the 2017 ACM on Conference on Information and Knowledge Management - CIKM '17},
   pages = {797-806},
   publisher = {ACM Press},
   title = {CSI: A Hybrid Deep Model for Fake News Detection},
   year = {2017},
}

@article{Rubin:2015,
   author = {Victoria L. Rubin and Tatiana Lukoianova},
   doi = {10.1002/asi.23216},
   issue = {5},
   journal = {Journal of the Association for Information Science and Technology},
   month = {5},
   pages = {905-917},
   title = {Truth and deception at the rhetorical structure level},
   volume = {66},
   url = {http://doi.wiley.com/10.1002/asi.23216},
   year = {2015},
}

@inproceedings{Rubin:2016,
   author = {Victoria Rubin and Niall Conroy and Yimin Chen and Sarah Cornwell},
   city = {San Diego, California},
   doi = {10.18653/v1/W16-0802},
   journal = {Proceedings of the Second Workshop on Computational Approaches to Deception Detection},
   month = {6},
   pages = {7-17},
   publisher = {Association for Computational Linguistics},
   title = {Fake News or Truth? Using Satirical Cues to Detect Potentially Misleading News},
   url = {https://aclanthology.org/W16-0802},
   year = {2016},
}

@online{Rubin:2019,
   author = {Victoria Rubin},
   title = {News Verification Project: Datasets for Share},
   url = {http://victoriarubin.fims.uwo.ca/news-verification/data-to-go},
   year = {2019},
}

@article{Schuster:2020,
   author = {Tal Schuster and R Schuster and Darsh J Shah and Regina Barzilay},
   doi = {10.1162/coli_a_00380},
   issue = {2},
   journal = {Computational Linguistics},
   month = {6},
   pages = {499-510},
   title = {The Limitations of Stylometry for Detecting Machine-Generated Fake News},
   volume = {46},
   year = {2020},
}

@article{Sisodia:2019,
   author = {Dilip Singh Sisodia},
   doi = {10.28945/4279},
   issue = {2019},
   journal = {Informing Science},
   pages = {31-44},
   title = {Ensemble learning approach for clickbait detection using article headline features},
   volume = {22},
   year = {2019},
}

@inproceedings{Shang:2018,
   author = {Jingbo Shang and Jiaming Shen and Tianhang Sun and Xingbang Liu and Anja Gruenheid and Flip Korn and Adam D. Lelkes and Cong Yu and Jiawei Han},
   city = {New York, New York, USA},
   doi = {10.1145/3269206.3272020},
   journal = {Proceedings of the 27th ACM International Conference on Information and Knowledge Management  - CIKM '18},
   pages = {2117-2125},
   publisher = {ACM Press},
   title = {Investigating Rumor News Using Agreement-Aware Search},
   year = {2018},
}

@article{Shi:2019,
   author = {Hanyu Shi and Martin Gerlach and Isabel Diersen and Doug Downey and Luis A. N. Amaral},
   month = {1},
   title = {A new evaluation framework for topic modeling algorithms based on synthetic corpora},
   url = {http://arxiv.org/abs/1901.09848},
   year = {2019},
}

@article{Socher:2013,
   author = {Richard Socher and Alex Perelygin and Jean Y.Wu and Jason Chuang and Christopher D. Manning and Andrew Y. Ng and Christopher Potts},
   doi = {10.1371/journal.pone.0073791},
   journal = {PLoS ONE},
   title = {Recursive Deep Models for Semantic Compositionality Over a Sentiment Treebank},
   year = {2013},
}

@webpage{Soll:2016,
   author = {Jacob Soll},
   journal = {Politico Magazine},
   title = {The Long and Brutal History of Fake News},
   url = {https://www.politico.com/magazine/story/2016/12/fake-news-history-long-violent-214535},
   year = {2016},
}

@article{Shu:2017,
   author = {Kai Shu and Amy Sliva and Suhang Wang and Jiliang Tang and Huan Liu},
   doi = {10.1145/3137597.3137600},
   issue = {1},
   journal = {ACM SIGKDD Explorations Newsletter},
   pages = {22-36},
   title = {Fake News Detection on Social Media},
   volume = {19},
   year = {2017},
}

@article{Shu:2018,
   author = {Kai Shu and Deepak Mahudeswaran and Suhang Wang and Dongwon Lee and Huan Liu},
   month = {9},
   title = {FakeNewsNet: A Data Repository with News Content, Social Context and Dynamic Information for Studying Fake News on Social Media},
   url = {http://arxiv.org/abs/1809.01286},
   year = {2018},
}

@article{Shu:2019,
   author = {Kai Shu and Suhang Wang and Huan Liu},
   city = {New York, NY, USA},
   doi = {10.1145/3289600},
   journal = {Proceedings of the Twelfth ACM International Conference on Web Search and Data Mining},
   pages = {312-320},
   publisher = {ACM},
   title = {Beyond News Contents: The Role of Social Context for Fake News Detection},
   volume = {9},
   url = {https://doi.org/10.1145/3289600.3290994},
   year = {2019},
}

@book{Shu:2019b,
   author = {Kai Shu and Huan Liu},
   doi = {10.1007/978-3-031-01915-9},
   isbn = {978-3-031-01915-9},
   publisher = {Springer Cham},
   title = {Detecting Fake News on Social Media},
   year = {2019b},
}

@article{Shu:2020,
   author = {Kai Shu and Deepak Mahudeswaran and Suhang Wang and Dongwon Lee and Huan Liu},
   doi = {10.1089/big.2020.0062},
   issue = {3},
   journal = {Big Data},
   pages = {171-188},
   title = {FakeNewsNet: A Data Repository with News Content, Social Context, and Spatiotemporal Information for Studying Fake News on Social Media},
   volume = {8},
   url = {https://doi.org/10.1089/big.2020.0062},
   year = {2020},
}

@inproceedings{Shu:2020b,
  author = {Kai Shu and Xinyi Zhou and Suhang Wang and Reza Zafarani and Huan Liu},
  title = {The Role of User Profiles for Fake News Detection},
  year = {2020b},
  isbn = {9781450368681},
  publisher = {Association for Computing Machinery},
  address = {New York, NY, USA},
  url = {https://doi.org/10.1145/3341161.3342927},
  doi = {10.1145/3341161.3342927},
  booktitle = {Proceedings of the 2019 IEEE/ACM International Conference on Advances in Social Networks Analysis and Mining},
  pages = {436–439},
  numpages = {4},
  location = {Vancouver, British Columbia, Canada},
  series = {ASONAM '19}
}

@article{Shu:2020c,
   author = {Kai Shu and Deepak Mahudeswaran and Suhang Wang and Huan Liu},
   doi = {10.1609/icwsm.v14i1.7329},
   issue = {1},
   journal = {Proceedings of the International AAAI Conference on Web and Social Media},
   month = {5},
   pages = {626-637},
   title = {Hierarchical Propagation Networks for Fake News Detection: Investigation and Exploitation},
   volume = {14},
   url = {https://ojs.aaai.org/index.php/ICWSM/article/view/7329},
   year = {2020c},
}


@inproceedings{Stevens:2012,
   author = {Keith Stevens and Philip Kegelmeyer and David Andrzejewski and David Buttler},
   journal = {2012 Joint Conference on Empirical Methods in Natural Language Processing and Computational Natural Language Learning, Proceedings of the Conference},
   pages = {952-961},
   title = {Exploring topic coherence over many models and many topics},
   year = {2012},
}

@inproceedings{Syed:2018,
   author = {Shaheen Syed and Marco Spruit},
   doi = {10.1109/DSAA.2017.61},
   journal = {Proceedings - 2017 International Conference on Data Science and Advanced Analytics, DSAA 2017},
   month = {10},
   pages = {165-174},
   publisher = {IEEE},
   title = {Full-Text or abstract? Examining topic coherence scores using latent dirichlet allocation},
   volume = {2018-January},
   url = {http://ieeexplore.ieee.org/document/8259775},
   year = {2018},
}

@article{Tandoc:2018,
   author = {Edson C. Tandoc and Zheng Wei Lim and Richard Ling},
   doi = {10.1080/21670811.2017.1360143},
   issue = {2},
   journal = {Digital Journalism},
   month = {2},
   pages = {137-153},
   publisher = {Routledge},
   title = {Defining “Fake News”: A typology of scholarly definitions},
   volume = {6},
   url = {https://www.tandfonline.com/doi/full/10.1080/21670811.2017.1360143},
   year = {2018},
}

@article{Torres:2018,
   author = {Russell Torres and Natalie Gerhart and Arash Negahban},
   doi = {10.1145/3242734.3242740},
   issue = {3},
   journal = {ACM SIGMIS Database: the DATABASE for Advances in Information Systems},
   month = {7},
   pages = {78-97},
   publisher = {ACM},
   title = {Epistemology in the Era of Fake News},
   volume = {49},
   url = {http://dl.acm.org/citation.cfm?doid=3242734.3242740},
   year = {2018},
}

@webpage{UCSB:2022,
   author = {{Center for Information Technology \& Society, UCSB}},
   journal = {Center for Information Technology and Society, University of California Santa Barbara},
   title = {A Brief History of Fake News},
   url = {https://www.cits.ucsb.edu/fake-news/brief-history},
   year = {2022},
}

@webpage{US:2022,
   author = {{U.S. Department of State}},
   month = {1},
   title = {Russia’s Top Five Persistent Disinformation Narratives},
   url = {https://www.state.gov/russias-top-five-persistent-disinformation-narratives},
   year = {2022},
}

@report{USDHS:2018,
   author = {{U.S. Department of Homeland Security}},
   city = {Washington, DC},
   institution = {U.S. Department of Homeland Security},
   title = {Countering False Information on Social Media in Disasters and Emergencies},
   url = {https://www.dhs.gov/publication/st-frg-countering-false-information-social-media-disasters-and-emergencies},
   year = {2018},
}

@inproceedings{Vijjali:2020,
   author = {Rutvik Vijjali and Prathyush Potluri and Siddharth Kumar and Sundeep Teki},
   city = {Barcelona, Spain (Online)},
   journal = {Proceedings of the 3rd NLP4IF Workshop on NLP for Internet Freedom: Censorship, Disinformation, and Propaganda},
   month = {12},
   pages = {1-10},
   publisher = {International Committee on Computational Linguistics (ICCL)},
   title = {Two Stage Transformer Model for COVID-19 Fake News Detection and Fact Checking},
   url = {https://aclanthology.org/2020.nlp4if-1.1},
   year = {2020},
}


@article{Vinck:2019,
   author = {Patrick Vinck and Phuong N. Pham and Kenedy K. Bindu and Juliet Bedford and Eric J. Nilles},
   doi = {10.1016/S1473-3099(19)30063-5},
   issn = {14744457},
   issue = {5},
   journal = {The Lancet Infectious Diseases},
   month = {5},
   pages = {529-536},
   pmid = {30928435},
   publisher = {Lancet Publishing Group},
   title = {Institutional trust and misinformation in the response to the 2018–19 Ebola outbreak in North Kivu, DR Congo: a population-based survey},
   volume = {19},
   url = {http://www.thelancet.com/article/S1473309919300635/fulltext},
   year = {2019},
}

@article{Vosoughi:2018,
   author = {Soroush Vosoughi and Deb Roy and Sinan Aral},
   doi = {10.1126/science.aap9559},
   issue = {6380},
   journal = {Science (New York, N.Y.)},
   month = {3},
   pages = {1146-1151},
   publisher = {American Association for the Advancement of Science},
   title = {The spread of true and false news online},
   volume = {359},
   url = {http://www.sciencemag.org/lookup/doi/10.1126/science.aap9559},
   year = {2018},
}

@article{Waldman:2018,
   author = {Ari Ezra Waldman},
   doi = {10.4135/9781604265774.n911},
   journal = {University of Pennsylvania Journal of Constitutional Law},
   pages = {846 - 869},
   title = {The Marketplace of Fake News},
   volume = {20},
   url = {http://sk.sagepub.com/cqpress/encyclopedia-of-the-first-amendment/n911.xml},
   year = {2018},
}

@article{Wang:2012,
   author = {Tai-Li Wang},
   doi = {10.1177/1748048512459143},
   issue = {8},
   journal = {International Communication Gazette},
   pages = {711-727},
   title = {Presentation and impact of market-driven journalism on sensationalism in global TV news},
   volume = {74},
   url = {https://doi.org/10.1177/1748048512459143},
   year = {2012},
}

@inproceedings{Wang:2017,
   author = {Shihan Wang and Izabela Moise and Dirk Helbing and Takao Terano},
   doi = {10.1109/COMPSAC.2017.115},
   journal = {2017 IEEE 41st Annual Computer Software and Applications Conference (COMPSAC)},
   month = {7},
   pages = {654-659},
   publisher = {IEEE},
   title = {Early Signals of Trending Rumor Event in Streaming Social Media},
   url = {http://ieeexplore.ieee.org/document/8030007},
   year = {2017},
}

@article{Wang:2017b,
   author = {William Yang Wang},
   city = {Stroudsburg, PA, USA},
   doi = {10.18653/v1/P17-2067},
   journal = {Proceedings of the 55th Annual Meeting of the Association for Computational Linguistics (Volume 2: Short Papers)},
   pages = {422-426},
   publisher = {Association for Computational Linguistics},
   title = {"Liar, Liar Pants on Fire": A New Benchmark Dataset for Fake News Detection},
   volume = {2},
   url = {http://aclweb.org/anthology/P17-2067 http://arxiv.org/abs/1705.00648},
   year = {2017b},
}

@inproceedings{Wang:2018,
   author = {Yaqing Wang and Fenglong Ma and Zhiwei Jin and Ye Yuan and Guangxu Xun and Kishlay Jha and Lu Su and Jing Gao},
   city = {New York, New York, USA},
   doi = {10.1145/3219819.3219903},
   journal = {Proceedings of the 24th ACM SIGKDD International Conference on Knowledge Discovery \& Data Mining - KDD '18},
   pages = {849-857},
   publisher = {ACM Press},
   title = {EANN: Event Adversarial Neural Networks for Multi-Modal Fake News Detection},
   year = {2018},
}

@article{Wardle:2017,
   author = {Claire Wardle},
   journal = {First Draft},
   title = {Fake News. It's Complicated},
   url = {https://firstdraftnews.org/fake-news-complicated},
   year = {2017},
}

@article{Wardle:2017b,
   author = {Claire Wardle and Hossein Derakhshan},
   journal = {Council of Europe report, DGI (2017)},
   title = {Information Disorder: Toward an interdisciplinary framework for research and policy making},
   year = {2017b},
}

@article{Wardle:2018,
   author = {Claire Wardle},
   journal = {First Draft},
   title = {Information Disorder: The Essential Glossary},
   url = {https://firstdraftnews.org/wp-content/uploads/2018/07/infoDisorder_glossary.pdf},
   year = {2018},
}

@article{Wardle:2020,
   author = {Claire Wardle},
   journal = {First Draft},
   title = {Understanding Information Disorder},
   url = {https://firstdraftnews.org/long-form-article/understanding-information-disorder},
   year = {2020},
}

@webpage{Winick:2018,
   author = {Erin Winick},
   journal = {MIT Technology Review},
   month = {7},
   title = {Facebook’s latest acquisition is all about fighting fake news},
   url = {https://www.technologyreview.com/2018/07/02/141613/facebooks-latest-acquisition-is-all-about-fighting-fake-news},
   year = {2018},
}

@online{Wolfram:2021,
   author = {{Wolfram Research}},
   organization={{Wolfram Research}},
   title={Classify},
   year={2021},
   url={https://reference.wolfram.com/language/ref/Classify.html},
   note=[Accessed: 23-May-2022]
}

@online{Wolfram:2021b,
   author = {{Wolfram Research}},
   organization={{Wolfram Research}},
   title={``Linear'' (Machine Learning Method)},
   year={2021},
   url={https://reference.wolfram.com/language/ref/method/Linear.html},
   note=[Accessed: 23-May-2022]
}

@webpage{Wright:2017,
   author = {Susan Wright},
   journal = {Collins Dictionary},
   month = {11},
   title = {Collins 2017 Word of the Year Shortlist},
   url = {https://blog.collinsdictionary.com/language-lovers/collins-2017-word-of-the-year-shortlist},
   year = {2017},
}


@inproceedings{Wu:2015,
   author = {Ke Wu and Song Yang and Kenny Q. Zhu},
   doi = {10.1109/ICDE.2015.7113322},
   journal = {Proceedings - International Conference on Data Engineering},
   pages = {651-662},
   title = {False rumors detection on Sina Weibo by propagation structures},
   volume = {2015-May},
   year = {2015},
}

@inproceedings{Wu:2018,
   author = {Liang Wu and Huan Liu},
   doi = {10.1145/3159652.3159677},
   journal = {WSDM 2018 - Proceedings of the 11th ACM International Conference on Web Search and Data Mining},
   pages = {637-645},
   title = {Tracing fake-news footprints: Characterizing social media messages by how they propagate},
   volume = {2018-Febua},
   year = {2018},
}

@article{Yang:2018,
   author = {Yang Yang and Lei Zheng and Jiawei Zhang and Qingcai Cui and Xiaoming Zhang and Zhoujun Li and Philip S Yu},
   doi = {10.48550/arxiv.1806.00749},
   month = {6},
   title = {TI-CNN: Convolutional Neural Networks for Fake News Detection},
   year = {2018},
}

@article{Yang:2019,
   author = {Yuting Yang and Juan Cao and Mingyan Lu and Jintao Li and Chia-Wen Lin},
   doi = {10.48550/arxiv.1902.00750},
   month = {2},
   title = {How to Write High-quality News on Social Network? Predicting News Quality by Mining Writing Style},
   year = {2019},
}
@article{Yoon:2019,
   author = {Seunghyun Yoon and Kunwoo Park and Joongbo Shin and Hongjun Lim and Seungpil Won and Meeyoung Cha and Kyomin Jung},
   doi = {10.1609/aaai.v33i01.3301791},
   journal = {Proceedings of the AAAI Conference on Artificial Intelligence},
   pages = {791-800},
   title = {Detecting Incongruity between News Headline and Body Text via a Deep Hierarchical Encoder},
   volume = {33},
   year = {2019},
}

@article{Zafarani:2019,
   author = {Reza Zafarani and Xinyi Zhou and Kai Shu and Huan Liu},
   doi = {10.1145/3292500.3332287},
   journal = {Proceedings of the 25th ACM SIGKDD International Conference on Knowledge Discovery & Data Mining},
   title = {Fake News Research: Theories, Detection Strategies, and Open Problems},
   year = {2019},
}

@article{Zannettou:2019,
   author = {Savvas Zannettou and Michael Sirivianos and Jeremy Blackburn and Nicolas Kourtellis},
   doi = {10.1145/3309699},
   issue = {3},
   journal = {Journal of Data and Information Quality},
   month = {4},
   title = {The web of false information: Rumors, fake news, hoaxes, clickbait, and various other shenanigans},
   volume = {11},
   url = {http://dx.doi.org/10.1145/3309699},
   year = {2019},
}

@inproceedings{Zhang:2016,
   author = {Yan Zhang and Weiling Chen and Chai Kiat Yeo and Chiew Tong Lau and Bu Sung Lee},
   doi = {10.1109/ICODSE.2016.7936102},
   journal = {2016 International Conference on Data and Software Engineering (ICoDSE)},
   month = {10},
   pages = {1-6},
   publisher = {IEEE},
   title = {A distance-based outlier detection method for rumor detection exploiting user behaviorial differences},
   year = {2016},
}

@article{Zhang:2017,
   author = {Yan Zhang and Weiling Chen and Chai Kiat Yeo and Chiew Tong Lau and Bu Sung Lee},
   doi = {10.1109/TEMSCON.2017.7998415},
   journal = {2017 IEEE Technology and Engineering Management Society Conference, TEMSCON 2017},
   month = {7},
   pages = {437-441},
   publisher = {Institute of Electrical and Electronics Engineers Inc.},
   title = {Detecting rumors on Online Social Networks using multi-layer autoencoder},
   year = {2017},
}

@article{Zhang:2018,
   author = {Amy X. Zhang and Martin Robbins and Ed Bice and Sandro Hawke and David Karger and An Xiao Mina and Aditya Ranganathan and Sarah Emlen Metz and Scott Appling and Connie Moon Sehat and Norman Gilmore and Nick B. Adams and Emmanuel Vincent and Jennifer Lee},
   doi = {10.1145/3184558.3188731},
   journal = {WWW-2018},
   pages = {603-612},
   title = {A Structured Response to Misinformation: Defining and Annotating Credibility Indicators in News articles},
   year = {2018},
}

@article{Zhang:2019,
   author = {Qiang Zhang and Shangsong Liang and Aldo Lipani and Emine Yilmaz},
   doi = {10.1145/3308558.3313718},
   isbn = {9781450366748},
   journal = {The Web Conference 2019 - Proceedings of the World Wide Web Conference, WWW 2019},
   month = {5},
   pages = {2333-2343},
   publisher = {Association for Computing Machinery, Inc},
   title = {Reply-aided detection of misinformation via Bayesian deep learning},
   year = {2019},
}

@article{Zhang:2020,
   author = {Jiawei Zhang and Bowen Dong and Philip S. Yu},
   doi = {10.1109/ICDE48307.2020.00180},
   journal = {Proceedings - International Conference on Data Engineering},
   month = {4},
   pages = {1826-1829},
   publisher = {IEEE Computer Society},
   title = {FakeDetector: Effective fake news detection with deep diffusive neural network},
   volume = {2020-April},
   year = {2020},
}

@article{Zhou:2018,
   author = {Xinyi Zhou and Reza Zafarani},
   title = {Fake News: A Survey of Research, Detection Methods, and Opportunities},
   url = {http://arxiv.org/abs/1812.00315},
   year = {2018},
}

@article{Zhou:2019,
author = {Xinyi Zhou and Reza Zafarani},
title = {Network-Based Fake News Detection: A Pattern-Driven Approach},
year = {2019},
issue_date = {December 2019},
publisher = {Association for Computing Machinery},
address = {New York, NY, USA},
volume = {21},
number = {2},
issn = {1931-0145},
url = {https://doi.org/10.1145/3373464.3373473},
doi = {10.1145/3373464.3373473},
journal = {SIGKDD Explor. Newsl.},
month = {11},
pages = {48–60},
numpages = {13}
}

@article{Zhou:2020,
   author = {Xinyi Zhou and Reza Zafarani},
   doi = {10.1145/3395046},
   issn = {15577341},
   issue = {5},
   journal = {ACM Computing Surveys (CSUR)},
   pages = {1-40},
   publisher = {Association for Computing Machinery},
   title = {A Survey of Fake News: Fundamental Theories, Detection Methods, and Opportunities},
   volume = {53},
   year = {2020},
}

@article{Zhou:2020b,
   author = {Xinyi Zhou and Atishay Jain and Vir V. Phoha and Reza Zafarani},
   doi = {10.1145/3377478},
   issn = {25765337},
   issue = {2},
   journal = {Digital Threats: Research and Practice},
   month = {6},
   publisher = {
		ACM
		New York, NY, USA
	},
   title = {Fake News Early Detection: A Theory-driven Model},
   volume = {1},
   url = {https://dl.acm.org/doi/10.1145/3377478},
   year = {2020b},
}

@article{Zubiaga:2016,
   author = {Arkaitz Zubiaga and Maria Liakata and Rob Procter},
   month = {10},
   title = {Learning Reporting Dynamics during Breaking News for Rumour Detection in Social Media},
   url = {http://arxiv.org/abs/1610.07363},
   year = {2016},
}

@inproceedings{Zubiaga:2016b,
   author = {Arkaitz Zubiaga and Geraldine Wong Sak Hoi and Maria Liakata and Rob Procter},
   doi = {10.6084/M9.FIGSHARE.4010619.V1},
   title = {PHEME dataset of rumours and non-rumours},
   url = {https://figshare.com/articles/dataset/PHEME_dataset_of_rumours_and_non-rumours/4010619/1},
   year = {2016b},
}

@article{Zubiaga:2016c,
   author = {Arkaitz Zubiaga and Maria Liakata and Rob Procter and Geraldine Wong Sak Hoi and Peter Tolmie},
   doi = {10.1371/journal.pone.0150989},
   editor = {Naoki Masuda},
   issue = {3},
   journal = {PLOS ONE},
   month = {3},
   pages = {e0150989},
   publisher = {Public Library of Science},
   title = {Analysing How People Orient to and Spread Rumours in Social Media by Looking at Conversational Threads},
   volume = {11},
   url = {https://dx.plos.org/10.1371/journal.pone.0150989},
   year = {2016c},
}

@article{Zubiaga:2018,
   author = {Arkaitz Zubiaga and Ahmet Aker and Kalina Bontcheva and Maria Liakata and Rob Procter},
   doi = {10.1145/3161603},
   issue = {2},
   journal = {ACM Computing Surveys},
   month = {4},
   title = {Detection and resolution of rumours in social media: A survey},
   volume = {51},
   url = {http://arxiv.org/abs/1704.00656 http://dx.doi.org/10.1145/3161603},
   year = {2018},
}

@Comment{jabref-meta: databaseType:bibtex;}
