
@InProceedings{Dogo2020,
author="Dogo, Martins Samuel
and Deepak P.
and Jurek-Loughrey, Anna",
editor="Koprinska, Irena
and Kamp, Michael
and Appice, Annalisa
and Loglisci, Corrado
and Antonie, Luiza
and Zimmermann, Albrecht
and Guidotti, Riccardo
and {\"O}zg{\"o}bek, {\"O}zlem
and Ribeiro, Rita P.
and Gavald{\`a}, Ricard
and Gama, Jo{\~a}o
and Adilova, Linara
and Krishnamurthy, Yamuna
and Ferreira, Pedro M.
and Malerba, Donato
and Medeiros, Ib{\'e}ria
and Ceci, Michelangelo
and Manco, Giuseppe
and Masciari, Elio
and Ras, Zbigniew W.
and Christen, Peter
and Ntoutsi, Eirini
and Schubert, Erich
and Zimek, Arthur
and Monreale, Anna
and Biecek, Przemyslaw
and Rinzivillo, Salvatore
and Kille, Benjamin
and Lommatzsch, Andreas
and Gulla, Jon Atle",
title="Exploring Thematic Coherence in Fake News",
booktitle="ECML PKDD 2020 Workshops",
year="2020",
publisher="Springer International Publishing",
address="Cham",
pages="571--580",
abstract="The spread of fake news remains a serious global issue; understanding and curtailing it is paramount. One way of differentiating between deceptive and truthful stories is by analyzing their coherence. This study explores the use of topic models to analyze the coherence of cross-domain news shared online. Experimental results on seven cross-domain datasets demonstrate that fake news shows a greater thematic deviation between its opening sentences and its remainder.",
isbn="978-3-030-65965-3"
}
